<record><leader>00000cas a22000007a 4500</leader><controlfield tag="001">13730683</controlfield><controlfield tag="008">860613d18651865inuwr ne      0    0eng d</controlfield><datafield ind1=" " ind2=" " tag="010"><subfield code="a">sn 86058604 </subfield></datafield><datafield ind1=" " ind2=" " tag="040"><subfield code="a">NPI</subfield><subfield code="b">eng</subfield><subfield code="c">NPI</subfield><subfield code="d">OCLCQ</subfield></datafield><datafield ind1=" " ind2=" " tag="042"><subfield code="a">msc</subfield></datafield><datafield ind1="0" ind2="4" tag="245"><subfield code="a">The Henry County times.</subfield></datafield><datafield ind1=" " ind2=" " tag="260"><subfield code="a">New Castle, Henry County, Ind. :</subfield><subfield code="b">R.F. Brown,</subfield><subfield code="c">1865.</subfield></datafield><datafield ind1=" " ind2=" " tag="300"><subfield code="a">v. :</subfield><subfield code="b">ill. (chiefly advertisements) ;</subfield><subfield code="c">55 cm.</subfield></datafield><datafield ind1=" " ind2=" " tag="310"><subfield code="a">Weekly</subfield></datafield><datafield ind1="0" ind2=" " tag="362"><subfield code="a">Vol. 1, no. 1 (Oct. [13], 1865).</subfield></datafield><datafield ind1=" " ind2=" " tag="515"><subfield code="a">Date in masthead area says only Oct. 1865; publishing block says Oct. 13, 1865, but this may have been the incorrect date.</subfield></datafield><datafield ind1=" " ind2=" " tag="752"><subfield code="a">United States</subfield><subfield code="b">Indiana</subfield><subfield code="c">Henry</subfield><subfield code="d">New Castle.</subfield></datafield><datafield ind1="0" ind2="0" tag="785"><subfield code="t">Henry County weekly times</subfield><subfield code="w">(DLC)sn 86058605</subfield></datafield></record>